<record><leader>00000cas a22000007a 4500</leader><controlfield tag="001">10849357</controlfield><controlfield tag="008">840615d18601926nyuwr ne      0    0eng d</controlfield><datafield ind1=" " ind2=" " tag="010"><subfield code="a">sn 84031327 </subfield></datafield><datafield ind1=" " ind2=" " tag="040"><subfield code="a">NYG</subfield><subfield code="b">eng</subfield><subfield code="c">NYG</subfield><subfield code="d">NPX</subfield><subfield code="d">NYS</subfield><subfield code="d">NYG</subfield><subfield code="d">DLC</subfield><subfield code="d">OCL</subfield><subfield code="d">NYS</subfield><subfield code="d">OCL</subfield><subfield code="d">NYS</subfield><subfield code="d">OCLCQ</subfield><subfield code="d">OCLCF</subfield><subfield code="d">OCLCO</subfield></datafield><datafield ind1=" " ind2=" " tag="012"><subfield code="b">3</subfield></datafield><datafield ind1=" " ind2=" " tag="019"><subfield code="a">16955014</subfield></datafield><datafield ind1="1" ind2=" " tag="029"><subfield code="a">AU@</subfield><subfield code="b">000020232293</subfield></datafield><datafield ind1=" " ind2=" " tag="042"><subfield code="a">msc</subfield></datafield><datafield ind1=" " ind2=" " tag="043"><subfield code="a">n-us-ny</subfield></datafield><datafield ind1="0" ind2=" " tag="130"><subfield code="a">Whitehall times (Whitehall, N.Y. : 1860)</subfield></datafield><datafield ind1="1" ind2="4" tag="245"><subfield code="a">The Whitehall times.</subfield></datafield><datafield ind1="3" ind2="0" tag="246"><subfield code="a">Whitehall daily times</subfield></datafield><datafield ind1="1" ind2="7" tag="246"><subfield code="a">Whitehall times and Cambridge local</subfield><subfield code="f">Jan. 23, 1896</subfield></datafield><datafield ind1=" " ind2=" " tag="260"><subfield code="a">Whitehall, N.Y. :</subfield><subfield code="b">Whitehall Times Assn.</subfield></datafield><datafield ind1=" " ind2=" " tag="300"><subfield code="a">v. :</subfield><subfield code="b">ill.</subfield></datafield><datafield ind1=" " ind2=" " tag="310"><subfield code="a">Weekly</subfield></datafield><datafield ind1="1" ind2=" " tag="362"><subfield code="a">Began with Dec. 8, 1860 issue?; ceased in 1926.</subfield></datafield><datafield ind1=" " ind2=" " tag="500"><subfield code="a">Special "Company I Exposition Edition" published as: Whitehall daily times, Nov. 27-30, 1900.</subfield></datafield><datafield ind1=" " ind2=" " tag="500"><subfield code="a">Editor and Publisher: W.A. Wilkins, &lt;1880&gt;.</subfield></datafield><datafield ind1=" " ind2=" " tag="580"><subfield code="a">Daily eds.: Whitehall evening times (Whitehall, N.Y. : 1917), &lt;1917&gt;; and: Whitehall times (Whitehall, N.Y. : 1918), &lt;1918&gt;.</subfield></datafield><datafield ind1=" " ind2=" " tag="588"><subfield code="a">Description based on: Vol. 4, no. 12 (Feb. 20, 1864).</subfield></datafield><datafield ind1=" " ind2="0" tag="651"><subfield code="a">Whitehall (N.Y.)</subfield><subfield code="v">Newspapers.</subfield></datafield><datafield ind1=" " ind2="7" tag="655"><subfield code="a">Newspapers.</subfield><subfield code="2">fast</subfield><subfield code="0">(OCoLC)fst01423814</subfield></datafield><datafield ind1=" " ind2="7" tag="651"><subfield code="a">New York (State)</subfield><subfield code="z">Whitehall.</subfield><subfield code="2">fast</subfield><subfield code="0">(OCoLC)fst01232615</subfield></datafield><datafield ind1=" " ind2=" " tag="752"><subfield code="a">United States</subfield><subfield code="b">New York</subfield><subfield code="c">Washington</subfield><subfield code="d">Whitehall.</subfield></datafield><datafield ind1="1" ind2=" " tag="775"><subfield code="t">Whitehall evening times (Whitehall, N.Y. : 1917)</subfield><subfield code="w">(DLC)sn 93063563</subfield><subfield code="w">(OCoLC)27403520</subfield></datafield><datafield ind1="1" ind2=" " tag="775"><subfield code="t">Whitehall times (Whitehall, N.Y. : 1918)</subfield><subfield code="w">(DLC)sn 93063564</subfield><subfield code="w">(OCoLC)27403521</subfield></datafield><datafield ind1="0" ind2="0" tag="780"><subfield code="t">American sentinel (Whitehall, N.Y.)</subfield><subfield code="w">(DLC)sn 83031913</subfield></datafield><datafield ind1="0" ind2="5" tag="780"><subfield code="t">Cambridge local</subfield><subfield code="g">1895</subfield><subfield code="w">(DLC)sn 87070336</subfield></datafield><datafield ind1="0" ind2="5" tag="780"><subfield code="t">Whitehall chronicle (Whitehall, N.Y. : 1873)</subfield><subfield code="g">1922</subfield><subfield code="w">(DLC)sn 85054098</subfield><subfield code="w">(OCoLC)11715049</subfield></datafield><datafield ind1="0" ind2="0" tag="785"><subfield code="t">Whitehall evening times (Whitehall, N.Y. : 1926)</subfield><subfield code="w">(DLC)sn 87070325</subfield></datafield></record>